@article{onnes1911superconductivity,
  title={The superconductivity of mercury},
  author={Onnes, H Kamerlingh},
  journal={Comm. Phys. Lab. Univ. Leiden},
  volume={122},
  pages={124},
  year={1911}
}

@article{bednorz1986possible,
  title={Possible high T c superconductivity in the Ba- La- Cu- O system},
  author={Bednorz, J George and M{\"u}ller, K Alex},
  journal={Zeitschrift f{\"u}r Physik B Condensed Matter},
  volume={64},
  number={2},
  pages={189--193},
  year={1986},
  publisher={Springer}
}

@book{schrieffer2018theory,
  title={Theory of superconductivity},
  author={Schrieffer, J Robert},
  year={2018},
  publisher={CRC press}
}


@article{slater1954simplified,
  title={Simplified LCAO method for the periodic potential problem},
  author={Slater, John C and Koster, George F},
  journal={Physical review},
  volume={94},
  number={6},
  pages={1498},
  year={1954},
  publisher={APS}
}

@article{qin2020absence,
  title={Absence of superconductivity in the pure two-dimensional Hubbard model},
  author={Qin, Mingpu and Chung, Chia-Min and Shi, Hao and Vitali, Ettore and Hubig, Claudius and Schollw{\"o}ck, Ulrich and White, Steven R and Zhang, Shiwei and (Simons Collaboration on the Many-Electron Problem)},
  journal={Physical Review X},
  volume={10},
  number={3},
  pages={031016},
  year={2020},
  publisher={APS}
}


